%YAML 1.1
%TAG !u! tag:unity3d.com,2011:
--- !u!1 &2914085636479881103
GameObject:
  m_ObjectHideFlags: 0
  m_CorrespondingSourceObject: {fileID: 0}
  m_PrefabInstance: {fileID: 0}
  m_PrefabAsset: {fileID: 0}
  serializedVersion: 6
  m_Component:
  - component: {fileID: 1638372526432870626}
  - component: {fileID: 8096971923284217699}
  m_Layer: 6
  m_Name: HitPointIndicatorContainer
  m_TagString: Untagged
  m_Icon: {fileID: 0}
  m_NavMeshLayer: 0
  m_StaticEditorFlags: 0
  m_IsActive: 1
--- !u!4 &1638372526432870626
Transform:
  m_ObjectHideFlags: 0
  m_CorrespondingSourceObject: {fileID: 0}
  m_PrefabInstance: {fileID: 0}
  m_PrefabAsset: {fileID: 0}
  m_GameObject: {fileID: 2914085636479881103}
  m_LocalRotation: {x: -0, y: -0, z: -0, w: 1}
  m_LocalPosition: {x: 0, y: 0.4, z: 1}
  m_LocalScale: {x: 0.25, y: 0.25, z: 1}
  m_ConstrainProportionsScale: 0
  m_Children:
  - {fileID: 8460604704964346686}
  m_Father: {fileID: 4184391398088642789}
  m_RootOrder: 2
  m_LocalEulerAnglesHint: {x: 0, y: 0, z: 0}
--- !u!212 &8096971923284217699
SpriteRenderer:
  m_ObjectHideFlags: 0
  m_CorrespondingSourceObject: {fileID: 0}
  m_PrefabInstance: {fileID: 0}
  m_PrefabAsset: {fileID: 0}
  m_GameObject: {fileID: 2914085636479881103}
  m_Enabled: 1
  m_CastShadows: 0
  m_ReceiveShadows: 0
  m_DynamicOccludee: 1
  m_StaticShadowCaster: 0
  m_MotionVectors: 1
  m_LightProbeUsage: 1
  m_ReflectionProbeUsage: 1
  m_RayTracingMode: 0
  m_RayTraceProcedural: 0
  m_RenderingLayerMask: 1
  m_RendererPriority: 0
  m_Materials:
  - {fileID: 10754, guid: 0000000000000000f000000000000000, type: 0}
  m_StaticBatchInfo:
    firstSubMesh: 0
    subMeshCount: 0
  m_StaticBatchRoot: {fileID: 0}
  m_ProbeAnchor: {fileID: 0}
  m_LightProbeVolumeOverride: {fileID: 0}
  m_ScaleInLightmap: 1
  m_ReceiveGI: 1
  m_PreserveUVs: 0
  m_IgnoreNormalsForChartDetection: 0
  m_ImportantGI: 0
  m_StitchLightmapSeams: 1
  m_SelectedEditorRenderState: 0
  m_MinimumChartSize: 4
  m_AutoUVMaxDistance: 0.5
  m_AutoUVMaxAngle: 89
  m_LightmapParameters: {fileID: 0}
  m_SortingLayerID: -1686278359
  m_SortingLayer: 6
  m_SortingOrder: 1
  m_Sprite: {fileID: 21300000, guid: deea66a4b2f624741a852b089c92f902, type: 3}
  m_Color: {r: 0, g: 0, b: 0, a: 1}
  m_FlipX: 0
  m_FlipY: 0
  m_DrawMode: 1
  m_Size: {x: 2, y: 0.3}
  m_AdaptiveModeThreshold: 0.5
  m_SpriteTileMode: 0
  m_WasSpriteAssigned: 1
  m_MaskInteraction: 0
  m_SpriteSortPoint: 0
--- !u!1 &4485138472664641789
GameObject:
  m_ObjectHideFlags: 0
  m_CorrespondingSourceObject: {fileID: 0}
  m_PrefabInstance: {fileID: 0}
  m_PrefabAsset: {fileID: 0}
  serializedVersion: 6
  m_Component:
  - component: {fileID: 6178635867137167324}
  - component: {fileID: 1444712468953200370}
  m_Layer: 6
  m_Name: ArmorIndicator
  m_TagString: Untagged
  m_Icon: {fileID: 0}
  m_NavMeshLayer: 0
  m_StaticEditorFlags: 0
  m_IsActive: 1
--- !u!4 &6178635867137167324
Transform:
  m_ObjectHideFlags: 0
  m_CorrespondingSourceObject: {fileID: 0}
  m_PrefabInstance: {fileID: 0}
  m_PrefabAsset: {fileID: 0}
  m_GameObject: {fileID: 4485138472664641789}
  m_LocalRotation: {x: 0, y: 0, z: 0, w: 1}
  m_LocalPosition: {x: -0.92, y: 0, z: 0}
  m_LocalScale: {x: 1.85, y: 0.141, z: 1}
  m_ConstrainProportionsScale: 0
  m_Children: []
  m_Father: {fileID: 2402918112175307955}
  m_RootOrder: 0
  m_LocalEulerAnglesHint: {x: 0, y: 0, z: 0}
--- !u!212 &1444712468953200370
SpriteRenderer:
  m_ObjectHideFlags: 0
  m_CorrespondingSourceObject: {fileID: 0}
  m_PrefabInstance: {fileID: 0}
  m_PrefabAsset: {fileID: 0}
  m_GameObject: {fileID: 4485138472664641789}
  m_Enabled: 1
  m_CastShadows: 0
  m_ReceiveShadows: 0
  m_DynamicOccludee: 1
  m_StaticShadowCaster: 0
  m_MotionVectors: 1
  m_LightProbeUsage: 1
  m_ReflectionProbeUsage: 1
  m_RayTracingMode: 0
  m_RayTraceProcedural: 0
  m_RenderingLayerMask: 1
  m_RendererPriority: 0
  m_Materials:
  - {fileID: 10754, guid: 0000000000000000f000000000000000, type: 0}
  m_StaticBatchInfo:
    firstSubMesh: 0
    subMeshCount: 0
  m_StaticBatchRoot: {fileID: 0}
  m_ProbeAnchor: {fileID: 0}
  m_LightProbeVolumeOverride: {fileID: 0}
  m_ScaleInLightmap: 1
  m_ReceiveGI: 1
  m_PreserveUVs: 0
  m_IgnoreNormalsForChartDetection: 0
  m_ImportantGI: 0
  m_StitchLightmapSeams: 1
  m_SelectedEditorRenderState: 0
  m_MinimumChartSize: 4
  m_AutoUVMaxDistance: 0.5
  m_AutoUVMaxAngle: 89
  m_LightmapParameters: {fileID: 0}
  m_SortingLayerID: -1686278359
  m_SortingLayer: 6
  m_SortingOrder: 0
  m_Sprite: {fileID: 21300000, guid: 5c16629ab158a8f4bb05e42bee40e2c1, type: 3}
  m_Color: {r: 0.21960784, g: 0.59607846, b: 1, a: 1}
  m_FlipX: 0
  m_FlipY: 0
  m_DrawMode: 0
  m_Size: {x: 1, y: 1}
  m_AdaptiveModeThreshold: 0.5
  m_SpriteTileMode: 0
  m_WasSpriteAssigned: 1
  m_MaskInteraction: 0
  m_SpriteSortPoint: 1
--- !u!1 &5982943237967519426
GameObject:
  m_ObjectHideFlags: 0
  m_CorrespondingSourceObject: {fileID: 0}
  m_PrefabInstance: {fileID: 0}
  m_PrefabAsset: {fileID: 0}
  serializedVersion: 6
  m_Component:
  - component: {fileID: 2402918112175307955}
  - component: {fileID: 6493930938891403591}
  m_Layer: 6
  m_Name: ArmorIndicatorContainer
  m_TagString: Untagged
  m_Icon: {fileID: 0}
  m_NavMeshLayer: 0
  m_StaticEditorFlags: 0
  m_IsActive: 1
--- !u!4 &2402918112175307955
Transform:
  m_ObjectHideFlags: 0
  m_CorrespondingSourceObject: {fileID: 0}
  m_PrefabInstance: {fileID: 0}
  m_PrefabAsset: {fileID: 0}
  m_GameObject: {fileID: 5982943237967519426}
  m_LocalRotation: {x: -0, y: -0, z: -0, w: 1}
  m_LocalPosition: {x: 0, y: 0.45, z: 1}
  m_LocalScale: {x: 0.25, y: 0.25, z: 1}
  m_ConstrainProportionsScale: 0
  m_Children:
  - {fileID: 6178635867137167324}
  m_Father: {fileID: 4184391398088642789}
  m_RootOrder: 1
  m_LocalEulerAnglesHint: {x: 0, y: 0, z: 0}
--- !u!212 &6493930938891403591
SpriteRenderer:
  m_ObjectHideFlags: 0
  m_CorrespondingSourceObject: {fileID: 0}
  m_PrefabInstance: {fileID: 0}
  m_PrefabAsset: {fileID: 0}
  m_GameObject: {fileID: 5982943237967519426}
  m_Enabled: 1
  m_CastShadows: 0
  m_ReceiveShadows: 0
  m_DynamicOccludee: 1
  m_StaticShadowCaster: 0
  m_MotionVectors: 1
  m_LightProbeUsage: 1
  m_ReflectionProbeUsage: 1
  m_RayTracingMode: 0
  m_RayTraceProcedural: 0
  m_RenderingLayerMask: 1
  m_RendererPriority: 0
  m_Materials:
  - {fileID: 10754, guid: 0000000000000000f000000000000000, type: 0}
  m_StaticBatchInfo:
    firstSubMesh: 0
    subMeshCount: 0
  m_StaticBatchRoot: {fileID: 0}
  m_ProbeAnchor: {fileID: 0}
  m_LightProbeVolumeOverride: {fileID: 0}
  m_ScaleInLightmap: 1
  m_ReceiveGI: 1
  m_PreserveUVs: 0
  m_IgnoreNormalsForChartDetection: 0
  m_ImportantGI: 0
  m_StitchLightmapSeams: 1
  m_SelectedEditorRenderState: 0
  m_MinimumChartSize: 4
  m_AutoUVMaxDistance: 0.5
  m_AutoUVMaxAngle: 89
  m_LightmapParameters: {fileID: 0}
  m_SortingLayerID: -1686278359
  m_SortingLayer: 6
  m_SortingOrder: 1
  m_Sprite: {fileID: 21300000, guid: deea66a4b2f624741a852b089c92f902, type: 3}
  m_Color: {r: 0, g: 0, b: 0, a: 1}
  m_FlipX: 0
  m_FlipY: 0
  m_DrawMode: 1
  m_Size: {x: 2, y: 0.3}
  m_AdaptiveModeThreshold: 0.5
  m_SpriteTileMode: 0
  m_WasSpriteAssigned: 1
  m_MaskInteraction: 0
  m_SpriteSortPoint: 0
--- !u!1 &8663967546530937345
GameObject:
  m_ObjectHideFlags: 0
  m_CorrespondingSourceObject: {fileID: 0}
  m_PrefabInstance: {fileID: 0}
  m_PrefabAsset: {fileID: 0}
  serializedVersion: 6
  m_Component:
  - component: {fileID: 8460604704964346686}
  - component: {fileID: 3783805021698809661}
  m_Layer: 6
  m_Name: HitPointIndicator
  m_TagString: Untagged
  m_Icon: {fileID: 0}
  m_NavMeshLayer: 0
  m_StaticEditorFlags: 0
  m_IsActive: 1
--- !u!4 &8460604704964346686
Transform:
  m_ObjectHideFlags: 0
  m_CorrespondingSourceObject: {fileID: 0}
  m_PrefabInstance: {fileID: 0}
  m_PrefabAsset: {fileID: 0}
  m_GameObject: {fileID: 8663967546530937345}
  m_LocalRotation: {x: 0, y: 0, z: 0, w: 1}
  m_LocalPosition: {x: -0.92, y: 0, z: 0}
  m_LocalScale: {x: 1.85, y: 0.141, z: 1}
  m_ConstrainProportionsScale: 0
  m_Children: []
  m_Father: {fileID: 1638372526432870626}
  m_RootOrder: 0
  m_LocalEulerAnglesHint: {x: 0, y: 0, z: 0}
--- !u!212 &3783805021698809661
SpriteRenderer:
  m_ObjectHideFlags: 0
  m_CorrespondingSourceObject: {fileID: 0}
  m_PrefabInstance: {fileID: 0}
  m_PrefabAsset: {fileID: 0}
  m_GameObject: {fileID: 8663967546530937345}
  m_Enabled: 1
  m_CastShadows: 0
  m_ReceiveShadows: 0
  m_DynamicOccludee: 1
  m_StaticShadowCaster: 0
  m_MotionVectors: 1
  m_LightProbeUsage: 1
  m_ReflectionProbeUsage: 1
  m_RayTracingMode: 0
  m_RayTraceProcedural: 0
  m_RenderingLayerMask: 1
  m_RendererPriority: 0
  m_Materials:
  - {fileID: 10754, guid: 0000000000000000f000000000000000, type: 0}
  m_StaticBatchInfo:
    firstSubMesh: 0
    subMeshCount: 0
  m_StaticBatchRoot: {fileID: 0}
  m_ProbeAnchor: {fileID: 0}
  m_LightProbeVolumeOverride: {fileID: 0}
  m_ScaleInLightmap: 1
  m_ReceiveGI: 1
  m_PreserveUVs: 0
  m_IgnoreNormalsForChartDetection: 0
  m_ImportantGI: 0
  m_StitchLightmapSeams: 1
  m_SelectedEditorRenderState: 0
  m_MinimumChartSize: 4
  m_AutoUVMaxDistance: 0.5
  m_AutoUVMaxAngle: 89
  m_LightmapParameters: {fileID: 0}
  m_SortingLayerID: -1686278359
  m_SortingLayer: 6
  m_SortingOrder: 0
  m_Sprite: {fileID: 21300000, guid: 5c16629ab158a8f4bb05e42bee40e2c1, type: 3}
  m_Color: {r: 0.7490196, g: 0.24705882, b: 0.7019608, a: 1}
  m_FlipX: 0
  m_FlipY: 0
  m_DrawMode: 0
  m_Size: {x: 1, y: 1}
  m_AdaptiveModeThreshold: 0.5
  m_SpriteTileMode: 0
  m_WasSpriteAssigned: 1
  m_MaskInteraction: 0
  m_SpriteSortPoint: 1
--- !u!1001 &8440175511367348313
PrefabInstance:
  m_ObjectHideFlags: 0
  serializedVersion: 2
  m_Modification:
    m_TransformParent: {fileID: 0}
    m_Modifications:
    - target: {fileID: 1451074335724251276, guid: 7059adf7628bd684e850d1aef80fb295, type: 3}
      propertyPath: m_RootOrder
      value: 1
      objectReference: {fileID: 0}
    - target: {fileID: 4127874075027185947, guid: 7059adf7628bd684e850d1aef80fb295, type: 3}
      propertyPath: movementSpeed
      value: 3
      objectReference: {fileID: 0}
    - target: {fileID: 5706191734468665410, guid: 7059adf7628bd684e850d1aef80fb295, type: 3}
      propertyPath: m_Name
      value: EnemyBase
      objectReference: {fileID: 0}
    - target: {fileID: 5706191734468665529, guid: 7059adf7628bd684e850d1aef80fb295, type: 3}
      propertyPath: m_Controller
      value: 
      objectReference: {fileID: 9100000, guid: 7ceb29208ed297d5a9d1fcf50da25dba, type: 2}
    - target: {fileID: 5706191734468665532, guid: 7059adf7628bd684e850d1aef80fb295, type: 3}
      propertyPath: m_RootOrder
      value: 0
      objectReference: {fileID: 0}
    - target: {fileID: 5706191734468665532, guid: 7059adf7628bd684e850d1aef80fb295, type: 3}
      propertyPath: m_LocalEulerAnglesHint.x
      value: 0
      objectReference: {fileID: 0}
    - target: {fileID: 5706191734468665532, guid: 7059adf7628bd684e850d1aef80fb295, type: 3}
      propertyPath: m_LocalEulerAnglesHint.y
      value: 0
      objectReference: {fileID: 0}
    - target: {fileID: 5706191734468665532, guid: 7059adf7628bd684e850d1aef80fb295, type: 3}
      propertyPath: m_LocalEulerAnglesHint.z
      value: 0
      objectReference: {fileID: 0}
    - target: {fileID: 5706191734468665533, guid: 7059adf7628bd684e850d1aef80fb295, type: 3}
      propertyPath: m_Size.x
      value: 1
      objectReference: {fileID: 0}
    - target: {fileID: 5706191734468665533, guid: 7059adf7628bd684e850d1aef80fb295, type: 3}
      propertyPath: m_Size.y
      value: 1
      objectReference: {fileID: 0}
    - target: {fileID: 5706191734468665533, guid: 7059adf7628bd684e850d1aef80fb295, type: 3}
      propertyPath: m_Color.a
      value: 1
      objectReference: {fileID: 0}
    - target: {fileID: 5706191734468665533, guid: 7059adf7628bd684e850d1aef80fb295, type: 3}
      propertyPath: m_Color.b
      value: 1
      objectReference: {fileID: 0}
    - target: {fileID: 5706191734468665533, guid: 7059adf7628bd684e850d1aef80fb295, type: 3}
      propertyPath: m_Color.g
      value: 1
      objectReference: {fileID: 0}
    - target: {fileID: 5706191734468665533, guid: 7059adf7628bd684e850d1aef80fb295, type: 3}
      propertyPath: m_Color.r
      value: 1
      objectReference: {fileID: 0}
    - target: {fileID: 5706191734468665533, guid: 7059adf7628bd684e850d1aef80fb295, type: 3}
      propertyPath: m_WasSpriteAssigned
      value: 0
      objectReference: {fileID: 0}
    - target: {fileID: 5706191734468665533, guid: 7059adf7628bd684e850d1aef80fb295, type: 3}
      propertyPath: m_Materials.Array.data[0]
      value: 
      objectReference: {fileID: 2100000, guid: 06f6f7ea52c1ff45abd51e3f56bb9c65, type: 2}
    - target: {fileID: 6788581050378108734, guid: 7059adf7628bd684e850d1aef80fb295, type: 3}
      propertyPath: maxShields
      value: 50
      objectReference: {fileID: 0}
    - target: {fileID: 6788581050378108734, guid: 7059adf7628bd684e850d1aef80fb295, type: 3}
      propertyPath: characterProperties
      value: 
      objectReference: {fileID: 0}
    - target: {fileID: 7038907564787281513, guid: 7059adf7628bd684e850d1aef80fb295, type: 3}
      propertyPath: m_RootOrder
      value: 0
      objectReference: {fileID: 0}
    - target: {fileID: 8514907331994225773, guid: 7059adf7628bd684e850d1aef80fb295, type: 3}
      propertyPath: m_LocalPosition.x
      value: -0.098
      objectReference: {fileID: 0}
    - target: {fileID: 8514907331994225773, guid: 7059adf7628bd684e850d1aef80fb295, type: 3}
      propertyPath: m_LocalPosition.y
      value: -0.17
      objectReference: {fileID: 0}
    m_RemovedComponents:
    - {fileID: 4127874075027185947, guid: 7059adf7628bd684e850d1aef80fb295, type: 3}
    - {fileID: 5706191734468665534, guid: 7059adf7628bd684e850d1aef80fb295, type: 3}
    - {fileID: 1983263687140807402, guid: 7059adf7628bd684e850d1aef80fb295, type: 3}
  m_SourcePrefab: {fileID: 100100000, guid: 7059adf7628bd684e850d1aef80fb295, type: 3}
--- !u!1 &4184391398088642587 stripped
GameObject:
  m_CorrespondingSourceObject: {fileID: 5706191734468665410, guid: 7059adf7628bd684e850d1aef80fb295, type: 3}
  m_PrefabInstance: {fileID: 8440175511367348313}
  m_PrefabAsset: {fileID: 0}
--- !u!114 &303510897482484809
MonoBehaviour:
  m_ObjectHideFlags: 0
  m_CorrespondingSourceObject: {fileID: 0}
  m_PrefabInstance: {fileID: 0}
  m_PrefabAsset: {fileID: 0}
  m_GameObject: {fileID: 4184391398088642587}
  m_Enabled: 1
  m_EditorHideFlags: 0
  m_Script: {fileID: 11500000, guid: 6b2fd9479afd26441bd6bf001e3d8b84, type: 3}
  m_Name: 
  m_EditorClassIdentifier: 
  dropChance: 100
  count: 8
  distributionForce: 100
  dropGameObject: {fileID: 4522023758016311671, guid: 03179a10c69d9d6d195719bf8ce349d0, type: 3}
  triggerOnlyWhenMelee: 0
--- !u!114 &2617921162808186966
MonoBehaviour:
  m_ObjectHideFlags: 0
  m_CorrespondingSourceObject: {fileID: 0}
  m_PrefabInstance: {fileID: 0}
  m_PrefabAsset: {fileID: 0}
  m_GameObject: {fileID: 4184391398088642587}
  m_Enabled: 1
  m_EditorHideFlags: 0
  m_Script: {fileID: 11500000, guid: 590840e88fa8d62998e1f60968ea479d, type: 3}
  m_Name: 
  m_EditorClassIdentifier: 
  aggroTriggerSoundPitch: 1
  aggroTriggerDelay: 1.3
  aggroTriggerSound:
    Guid:
      Data1: 453927410
      Data2: 1241597142
      Data3: 443439242
      Data4: -1522642745
    Path: event:/Asnor/SoldierAggroTrigger
  maxRaycastCheckRange: 15
  raycastDirectionFactor: 1.5
  aggressiveStateType: 1
--- !u!114 &2672709915724769860
MonoBehaviour:
  m_ObjectHideFlags: 0
  m_CorrespondingSourceObject: {fileID: 0}
  m_PrefabInstance: {fileID: 0}
  m_PrefabAsset: {fileID: 0}
  m_GameObject: {fileID: 4184391398088642587}
  m_Enabled: 1
  m_EditorHideFlags: 0
  m_Script: {fileID: 11500000, guid: 6b2fd9479afd26441bd6bf001e3d8b84, type: 3}
  m_Name: 
  m_EditorClassIdentifier: 
  dropChance: 50
  count: 5
  distributionForce: 100
  dropGameObject: {fileID: 4522023758016311671, guid: 03179a10c69d9d6d195719bf8ce349d0, type: 3}
  triggerOnlyWhenMelee: 1
--- !u!114 &4024903194687990915
MonoBehaviour:
  m_ObjectHideFlags: 0
  m_CorrespondingSourceObject: {fileID: 0}
  m_PrefabInstance: {fileID: 0}
  m_PrefabAsset: {fileID: 0}
  m_GameObject: {fileID: 4184391398088642587}
  m_Enabled: 1
  m_EditorHideFlags: 0
  m_Script: {fileID: 11500000, guid: 373b52eb9bf8c40f785bb6947a1aee66, type: 3}
  m_Name: 
  m_EditorClassIdentifier: 
  version: 1
  drawGizmos: 1
  detailedGizmos: 0
  startEndModifier:
    addPoints: 0
    exactStartPoint: 3
    exactEndPoint: 3
    useRaycasting: 0
    mask:
      serializedVersion: 2
      m_Bits: 4294967295
    useGraphRaycasting: 0
  traversableTags: -1
  tagPenalties: 0000000000000000000000000000000000000000000000000000000000000000000000000000000000000000000000000000000000000000000000000000000000000000000000000000000000000000000000000000000000000000000000000000000000000000000000000000000000000000000000000000000000000000
  graphMask:
    value: -1
--- !u!114 &5709474080043456539
MonoBehaviour:
  m_ObjectHideFlags: 0
  m_CorrespondingSourceObject: {fileID: 0}
  m_PrefabInstance: {fileID: 0}
  m_PrefabAsset: {fileID: 0}
  m_GameObject: {fileID: 4184391398088642587}
  m_Enabled: 1
  m_EditorHideFlags: 0
  m_Script: {fileID: 11500000, guid: 5a457a661ab6eca3297f166dcb3bbf2f, type: 3}
  m_Name: 
  m_EditorClassIdentifier: 
  controller: {fileID: 6283984222528865112}
  animator: {fileID: 4184391398088642784}
  rigidBody2d: {fileID: 4184391398088642790}
  collider2d: {fileID: 8449701402314957438}
  deathTime: 2.5
  deathSound:
    Guid:
      Data1: -313169149
      Data2: 1077667610
      Data3: 723281286
      Data4: 748251668
    Path: event:/Asnor/SoldierDeath
  mainSpriteRenderer: {fileID: 4184391398088642788}
  mainShader: {fileID: 10753, guid: 0000000000000000f000000000000000, type: 0}
  outlineShader: {fileID: -6465566751694194690, guid: 18e382a328e87c659a0af37b52ffffe4, type: 3}
  outlineMeleeRangeColor: {r: 1, g: 0.105882354, b: 0, a: 1}
  outlineStunnedColor: {r: 0.03529412, g: 0.047058824, b: 0.60784316, a: 1}
  hitPointIndicatorRenderer: {fileID: 3783805021698809661}
  armorIndicatorRenderer: {fileID: 1444712468953200370}
  bulletArmorImpactSound:
    Guid:
      Data1: -1450858076
      Data2: 1287346643
      Data3: 330121139
      Data4: 891460184
    Path: event:/ObjectImpacts/BulletArmorImpact
  armorPlates: []
  armorPlatePrefabs: []
  armorPlateDropForce: 200
  deathReplacementObjectPrefab: {fileID: 0}
  deathMeleeReplacementObjectPrefab1: {fileID: 0}
  deathMeleeReplacementObjectPrefab2: {fileID: 0}
  deathMeleeReplacementObjectOffsetLeft1: {x: 0, y: 0, z: 0}
  deathMeleeReplacementObjectOffsetLeft2: {x: 0, y: 0, z: 0}
  deathMeleeReplacementObjectOffsetRight1: {x: 0, y: 0, z: 0}
  deathMeleeReplacementObjectOffsetRight2: {x: 0, y: 0, z: 0}
--- !u!114 &6283984222528865112
MonoBehaviour:
  m_ObjectHideFlags: 0
  m_CorrespondingSourceObject: {fileID: 0}
  m_PrefabInstance: {fileID: 0}
  m_PrefabAsset: {fileID: 0}
  m_GameObject: {fileID: 4184391398088642587}
  m_Enabled: 1
  m_EditorHideFlags: 0
  m_Script: {fileID: 11500000, guid: f3540ccb9a52a5e058a9e60921adc0df, type: 3}
  m_Name: 
  m_EditorClassIdentifier: 
  properties: {fileID: 0}
  preEquipedGun: {fileID: 3543224532704922982, guid: e134feae2280f512d99bfc1b113f2fdb, type: 3}
  gunEquipLocation: {fileID: 5428517392056291019}
  equipedGun: {fileID: 0}
  looksLeft: 0
  currentAmmo: 0
  initialState: 0
  animator: {fileID: 4184391398088642784}
  rigidBody2d: {fileID: 4184391398088642790}
  spriteRenderers: []
  playerIsNear: 0
  stunned: 0
  currentArmor: 0
  currentHitPoints: 0
  moveDirection: {x: 0, y: 0}
  aggroTriggerSoundPlayed: 0
  player: {fileID: 0}
--- !u!114 &6860814479626461862
MonoBehaviour:
  m_ObjectHideFlags: 0
  m_CorrespondingSourceObject: {fileID: 0}
  m_PrefabInstance: {fileID: 0}
  m_PrefabAsset: {fileID: 0}
  m_GameObject: {fileID: 4184391398088642587}
  m_Enabled: 1
  m_EditorHideFlags: 0
  m_Script: {fileID: 11500000, guid: 6b2fd9479afd26441bd6bf001e3d8b84, type: 3}
  m_Name: 
  m_EditorClassIdentifier: 
  dropChance: 100
  count: 3
  distributionForce: 100
  dropGameObject: {fileID: 7555523178322705164, guid: dc295958b4f2b49acbff76aa0984e409, type: 3}
  triggerOnlyWhenMelee: 0
--- !u!114 &8378533703596793386
MonoBehaviour:
  m_ObjectHideFlags: 0
  m_CorrespondingSourceObject: {fileID: 0}
  m_PrefabInstance: {fileID: 0}
  m_PrefabAsset: {fileID: 0}
  m_GameObject: {fileID: 4184391398088642587}
  m_Enabled: 1
  m_EditorHideFlags: 0
  m_Script: {fileID: 11500000, guid: 6b2fd9479afd26441bd6bf001e3d8b84, type: 3}
  m_Name: 
  m_EditorClassIdentifier: 
  dropChance: 50
  count: 5
  distributionForce: 100
  dropGameObject: {fileID: 7555523178322705164, guid: dc295958b4f2b49acbff76aa0984e409, type: 3}
  triggerOnlyWhenMelee: 1
--- !u!95 &4184391398088642784 stripped
Animator:
  m_CorrespondingSourceObject: {fileID: 5706191734468665529, guid: 7059adf7628bd684e850d1aef80fb295, type: 3}
  m_PrefabInstance: {fileID: 8440175511367348313}
  m_PrefabAsset: {fileID: 0}
--- !u!212 &4184391398088642788 stripped
SpriteRenderer:
  m_CorrespondingSourceObject: {fileID: 5706191734468665533, guid: 7059adf7628bd684e850d1aef80fb295, type: 3}
  m_PrefabInstance: {fileID: 8440175511367348313}
  m_PrefabAsset: {fileID: 0}
--- !u!4 &4184391398088642789 stripped
Transform:
  m_CorrespondingSourceObject: {fileID: 5706191734468665532, guid: 7059adf7628bd684e850d1aef80fb295, type: 3}
  m_PrefabInstance: {fileID: 8440175511367348313}
  m_PrefabAsset: {fileID: 0}
--- !u!50 &4184391398088642790 stripped
Rigidbody2D:
  m_CorrespondingSourceObject: {fileID: 5706191734468665535, guid: 7059adf7628bd684e850d1aef80fb295, type: 3}
  m_PrefabInstance: {fileID: 8440175511367348313}
  m_PrefabAsset: {fileID: 0}
--- !u!1 &5428517392056291019 stripped
GameObject:
  m_CorrespondingSourceObject: {fileID: 4500346338483633810, guid: 7059adf7628bd684e850d1aef80fb295, type: 3}
  m_PrefabInstance: {fileID: 8440175511367348313}
  m_PrefabAsset: {fileID: 0}
--- !u!58 &8449701402314957438 stripped
CircleCollider2D:
  m_CorrespondingSourceObject: {fileID: 27822321168945703, guid: 7059adf7628bd684e850d1aef80fb295, type: 3}
  m_PrefabInstance: {fileID: 8440175511367348313}
  m_PrefabAsset: {fileID: 0}
