%YAML 1.1
%TAG !u! tag:unity3d.com,2011:
--- !u!1 &7267675826215240665
GameObject:
  m_ObjectHideFlags: 0
  m_CorrespondingSourceObject: {fileID: 0}
  m_PrefabInstance: {fileID: 0}
  m_PrefabAsset: {fileID: 0}
  serializedVersion: 6
  m_Component:
  - component: {fileID: 1432078407790121517}
  - component: {fileID: 5289233176927939764}
  m_Layer: 6
  m_Name: ArmorHead
  m_TagString: Untagged
  m_Icon: {fileID: 0}
  m_NavMeshLayer: 0
  m_StaticEditorFlags: 0
  m_IsActive: 1
--- !u!4 &1432078407790121517
Transform:
  m_ObjectHideFlags: 0
  m_CorrespondingSourceObject: {fileID: 0}
  m_PrefabInstance: {fileID: 0}
  m_PrefabAsset: {fileID: 0}
  m_GameObject: {fileID: 7267675826215240665}
  m_LocalRotation: {x: 0, y: 0, z: 0, w: 1}
  m_LocalPosition: {x: 0, y: 0, z: 0}
  m_LocalScale: {x: 1, y: 1, z: 1}
  m_ConstrainProportionsScale: 0
  m_Children: []
  m_Father: {fileID: 1708015322101788165}
  m_RootOrder: 3
  m_LocalEulerAnglesHint: {x: 0, y: 0, z: 0}
--- !u!212 &5289233176927939764
SpriteRenderer:
  m_ObjectHideFlags: 0
  m_CorrespondingSourceObject: {fileID: 0}
  m_PrefabInstance: {fileID: 0}
  m_PrefabAsset: {fileID: 0}
  m_GameObject: {fileID: 7267675826215240665}
  m_Enabled: 1
  m_CastShadows: 0
  m_ReceiveShadows: 0
  m_DynamicOccludee: 1
  m_StaticShadowCaster: 0
  m_MotionVectors: 1
  m_LightProbeUsage: 1
  m_ReflectionProbeUsage: 1
  m_RayTracingMode: 0
  m_RayTraceProcedural: 0
  m_RenderingLayerMask: 1
  m_RendererPriority: 0
  m_Materials:
  - {fileID: 2100000, guid: 9dfc825aed78fcd4ba02077103263b40, type: 2}
  m_StaticBatchInfo:
    firstSubMesh: 0
    subMeshCount: 0
  m_StaticBatchRoot: {fileID: 0}
  m_ProbeAnchor: {fileID: 0}
  m_LightProbeVolumeOverride: {fileID: 0}
  m_ScaleInLightmap: 1
  m_ReceiveGI: 1
  m_PreserveUVs: 0
  m_IgnoreNormalsForChartDetection: 0
  m_ImportantGI: 0
  m_StitchLightmapSeams: 1
  m_SelectedEditorRenderState: 0
  m_MinimumChartSize: 4
  m_AutoUVMaxDistance: 0.5
  m_AutoUVMaxAngle: 89
  m_LightmapParameters: {fileID: 0}
  m_SortingLayerID: -2131250401
  m_SortingLayer: 3
  m_SortingOrder: 2
  m_Sprite: {fileID: -1153444703, guid: 0446400a0d07ed176886ef46ea5e187c, type: 3}
  m_Color: {r: 1, g: 1, b: 1, a: 1}
  m_FlipX: 0
  m_FlipY: 0
  m_DrawMode: 0
  m_Size: {x: 1, y: 1}
  m_AdaptiveModeThreshold: 0.5
  m_SpriteTileMode: 0
  m_WasSpriteAssigned: 1
  m_MaskInteraction: 0
  m_SpriteSortPoint: 0
--- !u!1001 &3289289280447004384
PrefabInstance:
  m_ObjectHideFlags: 0
  serializedVersion: 2
  m_Modification:
    m_TransformParent: {fileID: 0}
    m_Modifications:
    - target: {fileID: 219130408797928500, guid: 21f4002b5ed15c4478499c3c2e74575d, type: 3}
      propertyPath: m_LocalPosition.x
      value: 0.02
      objectReference: {fileID: 0}
    - target: {fileID: 219130408797928500, guid: 21f4002b5ed15c4478499c3c2e74575d, type: 3}
      propertyPath: m_LocalPosition.y
      value: -0.094
      objectReference: {fileID: 0}
    - target: {fileID: 1481332202577124912, guid: 21f4002b5ed15c4478499c3c2e74575d, type: 3}
      propertyPath: m_LocalPosition.x
      value: 0
      objectReference: {fileID: 0}
    - target: {fileID: 1481332202577124912, guid: 21f4002b5ed15c4478499c3c2e74575d, type: 3}
      propertyPath: m_LocalPosition.y
      value: 0.4
      objectReference: {fileID: 0}
    - target: {fileID: 1862252889098349206, guid: 21f4002b5ed15c4478499c3c2e74575d, type: 3}
      propertyPath: movementSpeed
      value: 5
      objectReference: {fileID: 0}
    - target: {fileID: 1862252889098349206, guid: 21f4002b5ed15c4478499c3c2e74575d, type: 3}
      propertyPath: spriteRenderers.Array.size
      value: 2
      objectReference: {fileID: 0}
    - target: {fileID: 1862252889098349206, guid: 21f4002b5ed15c4478499c3c2e74575d, type: 3}
      propertyPath: spriteRenderers.Array.data[0]
      value: 
      objectReference: {fileID: 1708015322101788164}
    - target: {fileID: 1862252889098349206, guid: 21f4002b5ed15c4478499c3c2e74575d, type: 3}
      propertyPath: spriteRenderers.Array.data[1]
      value: 
      objectReference: {fileID: 5289233176927939764}
    - target: {fileID: 1862252889098349206, guid: 21f4002b5ed15c4478499c3c2e74575d, type: 3}
      propertyPath: spriteRenderers.Array.data[2]
      value: 
      objectReference: {fileID: 5289233176927939764}
    - target: {fileID: 1862252889098349206, guid: 21f4002b5ed15c4478499c3c2e74575d, type: 3}
      propertyPath: spriteRenderers.Array.data[3]
      value: 
      objectReference: {fileID: 0}
    - target: {fileID: 1862252889098349206, guid: 21f4002b5ed15c4478499c3c2e74575d, type: 3}
      propertyPath: spriteRenderers.Array.data[4]
      value: 
      objectReference: {fileID: 0}
    - target: {fileID: 1862252889098349206, guid: 21f4002b5ed15c4478499c3c2e74575d, type: 3}
      propertyPath: spriteRenderers.Array.data[5]
      value: 
      objectReference: {fileID: 0}
    - target: {fileID: 1862252889098349206, guid: 21f4002b5ed15c4478499c3c2e74575d, type: 3}
      propertyPath: spriteRenderers.Array.data[6]
      value: 
      objectReference: {fileID: 0}
    - target: {fileID: 1862252889098349206, guid: 21f4002b5ed15c4478499c3c2e74575d, type: 3}
      propertyPath: spriteRenderers.Array.data[7]
      value: 
      objectReference: {fileID: 5289233176927939764}
    - target: {fileID: 1862252889098349206, guid: 21f4002b5ed15c4478499c3c2e74575d, type: 3}
      propertyPath: spriteRenderers.Array.data[8]
      value: 
      objectReference: {fileID: 0}
    - target: {fileID: 1862252889098349206, guid: 21f4002b5ed15c4478499c3c2e74575d, type: 3}
      propertyPath: spriteRenderers.Array.data[9]
      value: 
      objectReference: {fileID: 0}
    - target: {fileID: 1862252889098349206, guid: 21f4002b5ed15c4478499c3c2e74575d, type: 3}
      propertyPath: spriteRenderers.Array.data[10]
      value: 
      objectReference: {fileID: 0}
    - target: {fileID: 3104216645715644263, guid: 21f4002b5ed15c4478499c3c2e74575d, type: 3}
      propertyPath: deathTime
      value: 1.6
      objectReference: {fileID: 0}
    - target: {fileID: 3104216645715644263, guid: 21f4002b5ed15c4478499c3c2e74575d, type: 3}
      propertyPath: keepAfterDeath
      value: 1
      objectReference: {fileID: 0}
    - target: {fileID: 3104216645715644263, guid: 21f4002b5ed15c4478499c3c2e74575d, type: 3}
      propertyPath: deathSound.Path
      value: event:/Asnor/SoldierDeath
      objectReference: {fileID: 0}
    - target: {fileID: 3104216645715644263, guid: 21f4002b5ed15c4478499c3c2e74575d, type: 3}
      propertyPath: deathAnimationPrefab
      value: 
      objectReference: {fileID: 2969652076971362980, guid: f53060ff0d25ad5499df97af0a331c78, type: 3}
    - target: {fileID: 3104216645715644263, guid: 21f4002b5ed15c4478499c3c2e74575d, type: 3}
      propertyPath: deathMeleeSound.Path
      value: event:/Asnor/SoliderDeathMelee
      objectReference: {fileID: 0}
    - target: {fileID: 3104216645715644263, guid: 21f4002b5ed15c4478499c3c2e74575d, type: 3}
      propertyPath: deathSound.Guid.Data1
      value: -313169149
      objectReference: {fileID: 0}
    - target: {fileID: 3104216645715644263, guid: 21f4002b5ed15c4478499c3c2e74575d, type: 3}
      propertyPath: deathSound.Guid.Data2
      value: 1077667610
      objectReference: {fileID: 0}
    - target: {fileID: 3104216645715644263, guid: 21f4002b5ed15c4478499c3c2e74575d, type: 3}
      propertyPath: deathSound.Guid.Data3
      value: 723281286
      objectReference: {fileID: 0}
    - target: {fileID: 3104216645715644263, guid: 21f4002b5ed15c4478499c3c2e74575d, type: 3}
      propertyPath: deathSound.Guid.Data4
      value: 748251668
      objectReference: {fileID: 0}
    - target: {fileID: 3104216645715644263, guid: 21f4002b5ed15c4478499c3c2e74575d, type: 3}
      propertyPath: armorPieces.Array.size
      value: 2
      objectReference: {fileID: 0}
    - target: {fileID: 3104216645715644263, guid: 21f4002b5ed15c4478499c3c2e74575d, type: 3}
      propertyPath: deathAnimationLeftPrefab
      value: 
      objectReference: {fileID: 2969652076971362980, guid: f53060ff0d25ad5499df97af0a331c78, type: 3}
    - target: {fileID: 3104216645715644263, guid: 21f4002b5ed15c4478499c3c2e74575d, type: 3}
      propertyPath: armorPieces.Array.data[0]
      value: 
      objectReference: {fileID: 7267675826215240665}
    - target: {fileID: 3104216645715644263, guid: 21f4002b5ed15c4478499c3c2e74575d, type: 3}
      propertyPath: armorPieces.Array.data[1]
      value: 
      objectReference: {fileID: 0}
    - target: {fileID: 3104216645715644263, guid: 21f4002b5ed15c4478499c3c2e74575d, type: 3}
      propertyPath: deathAnimationRightPrefab
      value: 
      objectReference: {fileID: 1431397995064012970, guid: 313fafd5eb93ac8dc9dc6c92cbb4cbd3, type: 3}
    - target: {fileID: 3104216645715644263, guid: 21f4002b5ed15c4478499c3c2e74575d, type: 3}
      propertyPath: deathMeleeSound.Guid.Data1
      value: -1942790846
      objectReference: {fileID: 0}
    - target: {fileID: 3104216645715644263, guid: 21f4002b5ed15c4478499c3c2e74575d, type: 3}
      propertyPath: deathMeleeSound.Guid.Data2
      value: 1277740125
      objectReference: {fileID: 0}
    - target: {fileID: 3104216645715644263, guid: 21f4002b5ed15c4478499c3c2e74575d, type: 3}
      propertyPath: deathMeleeSound.Guid.Data3
      value: 433217434
      objectReference: {fileID: 0}
    - target: {fileID: 3104216645715644263, guid: 21f4002b5ed15c4478499c3c2e74575d, type: 3}
      propertyPath: deathMeleeSound.Guid.Data4
      value: -1563277767
      objectReference: {fileID: 0}
    - target: {fileID: 3104216645715644263, guid: 21f4002b5ed15c4478499c3c2e74575d, type: 3}
      propertyPath: deathReplacementObjectPrefab
      value: 
      objectReference: {fileID: 8140238844996417700, guid: 1f79ba553f0be40ceb75fdaf96809e0b, type: 3}
    - target: {fileID: 3104216645715644263, guid: 21f4002b5ed15c4478499c3c2e74575d, type: 3}
      propertyPath: deathReplacementObjectPrefabLeft
      value: 
      objectReference: {fileID: 8140238844996417700, guid: 1f79ba553f0be40ceb75fdaf96809e0b, type: 3}
    - target: {fileID: 3104216645715644263, guid: 21f4002b5ed15c4478499c3c2e74575d, type: 3}
      propertyPath: deathReplacementObjectPrefabRight
      value: 
      objectReference: {fileID: 8140238844996417700, guid: acea6b9cc4495966cab016fe26f7ee01, type: 3}
    - target: {fileID: 3104216645715644263, guid: 21f4002b5ed15c4478499c3c2e74575d, type: 3}
      propertyPath: deathMeleeReplacementObjectPrefab1
      value: 
      objectReference: {fileID: 8140238844996417700, guid: a20f86edd5eb45fc69045ac26d741dd1, type: 3}
    - target: {fileID: 3104216645715644263, guid: 21f4002b5ed15c4478499c3c2e74575d, type: 3}
      propertyPath: deathMeleeReplacementObjectPrefab2
      value: 
      objectReference: {fileID: 8140238844996417700, guid: 37894ff035f55a87a8d0d216b6c3dea3, type: 3}
    - target: {fileID: 3104216645715644263, guid: 21f4002b5ed15c4478499c3c2e74575d, type: 3}
      propertyPath: deathMeleeReplacementObjectPrefabLeft1
      value: 
      objectReference: {fileID: 8140238844996417700, guid: a20f86edd5eb45fc69045ac26d741dd1, type: 3}
    - target: {fileID: 3104216645715644263, guid: 21f4002b5ed15c4478499c3c2e74575d, type: 3}
      propertyPath: deathMeleeReplacementObjectPrefabLeft2
      value: 
      objectReference: {fileID: 8140238844996417700, guid: 37894ff035f55a87a8d0d216b6c3dea3, type: 3}
    - target: {fileID: 3104216645715644263, guid: 21f4002b5ed15c4478499c3c2e74575d, type: 3}
      propertyPath: deathMeleeReplacementObjectPrefabRight1
      value: 
      objectReference: {fileID: 8140238844996417700, guid: 87d62bec8f77fc5b7b56e80160fc6b6e, type: 3}
    - target: {fileID: 3104216645715644263, guid: 21f4002b5ed15c4478499c3c2e74575d, type: 3}
      propertyPath: deathMeleeReplacementObjectPrefabRight2
      value: 
      objectReference: {fileID: 8140238844996417700, guid: c688a265d0db43886890ed89a2c3e8ab, type: 3}
    - target: {fileID: 3104216645715644263, guid: 21f4002b5ed15c4478499c3c2e74575d, type: 3}
      propertyPath: deathMeleeReplacementObjectOffsetLeft1.x
      value: -0.4375
      objectReference: {fileID: 0}
    - target: {fileID: 3104216645715644263, guid: 21f4002b5ed15c4478499c3c2e74575d, type: 3}
      propertyPath: deathMeleeReplacementObjectOffsetLeft1.y
      value: -0.4075
      objectReference: {fileID: 0}
    - target: {fileID: 3104216645715644263, guid: 21f4002b5ed15c4478499c3c2e74575d, type: 3}
      propertyPath: deathMeleeReplacementObjectOffsetLeft2.x
      value: 0.25
      objectReference: {fileID: 0}
    - target: {fileID: 3104216645715644263, guid: 21f4002b5ed15c4478499c3c2e74575d, type: 3}
      propertyPath: deathMeleeReplacementObjectOffsetLeft2.y
      value: -0.4075
      objectReference: {fileID: 0}
    - target: {fileID: 3104216645715644263, guid: 21f4002b5ed15c4478499c3c2e74575d, type: 3}
      propertyPath: deathMeleeReplacementObjectOffsetRight1.x
      value: 0.4375
      objectReference: {fileID: 0}
    - target: {fileID: 3104216645715644263, guid: 21f4002b5ed15c4478499c3c2e74575d, type: 3}
      propertyPath: deathMeleeReplacementObjectOffsetRight1.y
      value: -0.4075
      objectReference: {fileID: 0}
    - target: {fileID: 3104216645715644263, guid: 21f4002b5ed15c4478499c3c2e74575d, type: 3}
      propertyPath: deathMeleeReplacementObjectOffsetRight2.x
      value: -0.25
      objectReference: {fileID: 0}
    - target: {fileID: 3104216645715644263, guid: 21f4002b5ed15c4478499c3c2e74575d, type: 3}
      propertyPath: deathMeleeReplacementObjectOffsetRight2.y
      value: -0.4075
      objectReference: {fileID: 0}
    - target: {fileID: 4184391398088642587, guid: 21f4002b5ed15c4478499c3c2e74575d, type: 3}
      propertyPath: m_Name
      value: AsnorStalker
      objectReference: {fileID: 0}
    - target: {fileID: 4184391398088642788, guid: 21f4002b5ed15c4478499c3c2e74575d, type: 3}
      propertyPath: m_Sprite
      value: 
      objectReference: {fileID: -1753853769091948237, guid: 743d31914af6c323fac83cdb5cd92ddb, type: 3}
    - target: {fileID: 4184391398088642788, guid: 21f4002b5ed15c4478499c3c2e74575d, type: 3}
      propertyPath: m_Color.b
      value: 0
      objectReference: {fileID: 0}
    - target: {fileID: 4184391398088642788, guid: 21f4002b5ed15c4478499c3c2e74575d, type: 3}
      propertyPath: m_Color.g
      value: 0
      objectReference: {fileID: 0}
    - target: {fileID: 4184391398088642788, guid: 21f4002b5ed15c4478499c3c2e74575d, type: 3}
      propertyPath: m_Color.r
      value: 1
      objectReference: {fileID: 0}
    - target: {fileID: 4184391398088642788, guid: 21f4002b5ed15c4478499c3c2e74575d, type: 3}
      propertyPath: m_WasSpriteAssigned
      value: 1
      objectReference: {fileID: 0}
    - target: {fileID: 4184391398088642789, guid: 21f4002b5ed15c4478499c3c2e74575d, type: 3}
      propertyPath: m_RootOrder
      value: 0
      objectReference: {fileID: 0}
    - target: {fileID: 4184391398088642789, guid: 21f4002b5ed15c4478499c3c2e74575d, type: 3}
      propertyPath: m_LocalScale.x
      value: 1.5
      objectReference: {fileID: 0}
    - target: {fileID: 4184391398088642789, guid: 21f4002b5ed15c4478499c3c2e74575d, type: 3}
      propertyPath: m_LocalScale.y
      value: 1.5
      objectReference: {fileID: 0}
    - target: {fileID: 4184391398088642789, guid: 21f4002b5ed15c4478499c3c2e74575d, type: 3}
      propertyPath: m_LocalPosition.x
      value: 0
      objectReference: {fileID: 0}
    - target: {fileID: 4184391398088642789, guid: 21f4002b5ed15c4478499c3c2e74575d, type: 3}
      propertyPath: m_LocalPosition.y
      value: 0
      objectReference: {fileID: 0}
    - target: {fileID: 4184391398088642789, guid: 21f4002b5ed15c4478499c3c2e74575d, type: 3}
      propertyPath: m_LocalPosition.z
      value: 0
      objectReference: {fileID: 0}
    - target: {fileID: 4184391398088642789, guid: 21f4002b5ed15c4478499c3c2e74575d, type: 3}
      propertyPath: m_LocalRotation.w
      value: 1
      objectReference: {fileID: 0}
    - target: {fileID: 4184391398088642789, guid: 21f4002b5ed15c4478499c3c2e74575d, type: 3}
      propertyPath: m_LocalRotation.x
      value: 0
      objectReference: {fileID: 0}
    - target: {fileID: 4184391398088642789, guid: 21f4002b5ed15c4478499c3c2e74575d, type: 3}
      propertyPath: m_LocalRotation.y
      value: 0
      objectReference: {fileID: 0}
    - target: {fileID: 4184391398088642789, guid: 21f4002b5ed15c4478499c3c2e74575d, type: 3}
      propertyPath: m_LocalRotation.z
      value: 0
      objectReference: {fileID: 0}
    - target: {fileID: 4184391398088642789, guid: 21f4002b5ed15c4478499c3c2e74575d, type: 3}
      propertyPath: m_LocalEulerAnglesHint.x
      value: 0
      objectReference: {fileID: 0}
    - target: {fileID: 4184391398088642789, guid: 21f4002b5ed15c4478499c3c2e74575d, type: 3}
      propertyPath: m_LocalEulerAnglesHint.y
      value: 0
      objectReference: {fileID: 0}
    - target: {fileID: 4184391398088642789, guid: 21f4002b5ed15c4478499c3c2e74575d, type: 3}
      propertyPath: m_LocalEulerAnglesHint.z
      value: 0
      objectReference: {fileID: 0}
    - target: {fileID: 4184391398088642790, guid: 21f4002b5ed15c4478499c3c2e74575d, type: 3}
      propertyPath: m_Mass
      value: 900
      objectReference: {fileID: 0}
    - target: {fileID: 4184391398088642790, guid: 21f4002b5ed15c4478499c3c2e74575d, type: 3}
      propertyPath: m_LinearDrag
      value: 18
      objectReference: {fileID: 0}
    - target: {fileID: 5709474080043456539, guid: 21f4002b5ed15c4478499c3c2e74575d, type: 3}
      propertyPath: properties
      value: 
      objectReference: {fileID: 11400000, guid: f7f0573f251e9fb75afa43575f7dbd76, type: 2}
    - target: {fileID: 5709474080043456539, guid: 21f4002b5ed15c4478499c3c2e74575d, type: 3}
      propertyPath: armorPiecePrefab
      value: 
      objectReference: {fileID: 3252338351091864287, guid: e54e85250c36086b5b63db95a738cbed, type: 3}
    - target: {fileID: 5709474080043456539, guid: 21f4002b5ed15c4478499c3c2e74575d, type: 3}
      propertyPath: armorPlatePrefab
      value: 
      objectReference: {fileID: 3252338351091864287, guid: e54e85250c36086b5b63db95a738cbed, type: 3}
    - target: {fileID: 5709474080043456539, guid: 21f4002b5ed15c4478499c3c2e74575d, type: 3}
      propertyPath: armorPieces.Array.size
      value: 2
      objectReference: {fileID: 0}
    - target: {fileID: 5709474080043456539, guid: 21f4002b5ed15c4478499c3c2e74575d, type: 3}
      propertyPath: armorPlates.Array.size
      value: 1
      objectReference: {fileID: 0}
    - target: {fileID: 5709474080043456539, guid: 21f4002b5ed15c4478499c3c2e74575d, type: 3}
      propertyPath: armorPieces.Array.data[0]
      value: 
      objectReference: {fileID: 7267675826215240665}
    - target: {fileID: 5709474080043456539, guid: 21f4002b5ed15c4478499c3c2e74575d, type: 3}
      propertyPath: armorPieces.Array.data[1]
      value: 
      objectReference: {fileID: 0}
    - target: {fileID: 5709474080043456539, guid: 21f4002b5ed15c4478499c3c2e74575d, type: 3}
      propertyPath: armorPlates.Array.data[0]
      value: 
      objectReference: {fileID: 7267675826215240665}
    - target: {fileID: 5709474080043456539, guid: 21f4002b5ed15c4478499c3c2e74575d, type: 3}
      propertyPath: armorPlates.Array.data[1]
      value: 
      objectReference: {fileID: 7267675826215240665}
    - target: {fileID: 5709474080043456539, guid: 21f4002b5ed15c4478499c3c2e74575d, type: 3}
      propertyPath: armorPlates.Array.data[2]
      value: 
      objectReference: {fileID: 0}
    - target: {fileID: 5709474080043456539, guid: 21f4002b5ed15c4478499c3c2e74575d, type: 3}
      propertyPath: armorPlates.Array.data[3]
      value: 
      objectReference: {fileID: 0}
    - target: {fileID: 5709474080043456539, guid: 21f4002b5ed15c4478499c3c2e74575d, type: 3}
      propertyPath: armorPlates.Array.data[4]
      value: 
      objectReference: {fileID: 0}
    - target: {fileID: 5709474080043456539, guid: 21f4002b5ed15c4478499c3c2e74575d, type: 3}
      propertyPath: armorPlatePrefabs.Array.size
      value: 1
      objectReference: {fileID: 0}
    - target: {fileID: 5709474080043456539, guid: 21f4002b5ed15c4478499c3c2e74575d, type: 3}
      propertyPath: deathReplacementObjectPrefab
      value: 
      objectReference: {fileID: 8140238844996417700, guid: 1f79ba553f0be40ceb75fdaf96809e0b, type: 3}
    - target: {fileID: 5709474080043456539, guid: 21f4002b5ed15c4478499c3c2e74575d, type: 3}
      propertyPath: armorPlatePrefabs.Array.data[0]
      value: 
      objectReference: {fileID: 3252338351091864287, guid: e54e85250c36086b5b63db95a738cbed, type: 3}
    - target: {fileID: 5709474080043456539, guid: 21f4002b5ed15c4478499c3c2e74575d, type: 3}
      propertyPath: armorPlatePrefabs.Array.data[1]
      value: 
      objectReference: {fileID: 3252338351091864287, guid: e54e85250c36086b5b63db95a738cbed, type: 3}
    - target: {fileID: 5709474080043456539, guid: 21f4002b5ed15c4478499c3c2e74575d, type: 3}
      propertyPath: armorPlatePrefabs.Array.data[2]
      value: 
      objectReference: {fileID: 3252338351091864287, guid: c6f0453f6473c650ca186fc02a96b5eb, type: 3}
    - target: {fileID: 5709474080043456539, guid: 21f4002b5ed15c4478499c3c2e74575d, type: 3}
      propertyPath: armorPlatePrefabs.Array.data[3]
      value: 
      objectReference: {fileID: 3252338351091864287, guid: f6fbb167faddb33dfaab7da8fd128b65, type: 3}
    - target: {fileID: 5709474080043456539, guid: 21f4002b5ed15c4478499c3c2e74575d, type: 3}
      propertyPath: armorPlatePrefabs.Array.data[4]
      value: 
      objectReference: {fileID: 3252338351091864287, guid: 8ebf2749fdf45d2d08b95e1d0e087cf3, type: 3}
    - target: {fileID: 5709474080043456539, guid: 21f4002b5ed15c4478499c3c2e74575d, type: 3}
      propertyPath: deathMeleeReplacementObjectPrefab1
      value: 
      objectReference: {fileID: 8140238844996417700, guid: a20f86edd5eb45fc69045ac26d741dd1, type: 3}
    - target: {fileID: 5709474080043456539, guid: 21f4002b5ed15c4478499c3c2e74575d, type: 3}
      propertyPath: deathMeleeReplacementObjectPrefab2
      value: 
      objectReference: {fileID: 8140238844996417700, guid: 37894ff035f55a87a8d0d216b6c3dea3, type: 3}
    - target: {fileID: 5709474080043456539, guid: 21f4002b5ed15c4478499c3c2e74575d, type: 3}
      propertyPath: deathMeleeReplacementObjectOffsetLeft1.x
      value: -0.4375
      objectReference: {fileID: 0}
    - target: {fileID: 5709474080043456539, guid: 21f4002b5ed15c4478499c3c2e74575d, type: 3}
      propertyPath: deathMeleeReplacementObjectOffsetLeft1.y
      value: -0.4075
      objectReference: {fileID: 0}
    - target: {fileID: 5709474080043456539, guid: 21f4002b5ed15c4478499c3c2e74575d, type: 3}
      propertyPath: deathMeleeReplacementObjectOffsetLeft2.x
      value: 0.25
      objectReference: {fileID: 0}
    - target: {fileID: 5709474080043456539, guid: 21f4002b5ed15c4478499c3c2e74575d, type: 3}
      propertyPath: deathMeleeReplacementObjectOffsetLeft2.y
      value: -0.4075
      objectReference: {fileID: 0}
    - target: {fileID: 5709474080043456539, guid: 21f4002b5ed15c4478499c3c2e74575d, type: 3}
      propertyPath: deathMeleeReplacementObjectOffsetRight1.x
      value: 0.4375
      objectReference: {fileID: 0}
    - target: {fileID: 5709474080043456539, guid: 21f4002b5ed15c4478499c3c2e74575d, type: 3}
      propertyPath: deathMeleeReplacementObjectOffsetRight1.y
      value: -0.4075
      objectReference: {fileID: 0}
    - target: {fileID: 5709474080043456539, guid: 21f4002b5ed15c4478499c3c2e74575d, type: 3}
      propertyPath: deathMeleeReplacementObjectOffsetRight2.x
      value: -0.25
      objectReference: {fileID: 0}
    - target: {fileID: 5709474080043456539, guid: 21f4002b5ed15c4478499c3c2e74575d, type: 3}
      propertyPath: deathMeleeReplacementObjectOffsetRight2.y
      value: -0.4075
      objectReference: {fileID: 0}
    - target: {fileID: 6283984222528865112, guid: 21f4002b5ed15c4478499c3c2e74575d, type: 3}
      propertyPath: properties
      value: 
      objectReference: {fileID: 11400000, guid: f7f0573f251e9fb75afa43575f7dbd76, type: 2}
    - target: {fileID: 6283984222528865112, guid: 21f4002b5ed15c4478499c3c2e74575d, type: 3}
      propertyPath: spriteRenderers.Array.size
      value: 2
      objectReference: {fileID: 0}
    - target: {fileID: 6283984222528865112, guid: 21f4002b5ed15c4478499c3c2e74575d, type: 3}
      propertyPath: spriteRenderers.Array.data[0]
      value: 
      objectReference: {fileID: 1708015322101788164}
    - target: {fileID: 6283984222528865112, guid: 21f4002b5ed15c4478499c3c2e74575d, type: 3}
      propertyPath: spriteRenderers.Array.data[1]
      value: 
      objectReference: {fileID: 5289233176927939764}
    - target: {fileID: 6860814479626461862, guid: 21f4002b5ed15c4478499c3c2e74575d, type: 3}
      propertyPath: count
      value: 2
      objectReference: {fileID: 0}
    - target: {fileID: 6990367838892972245, guid: 21f4002b5ed15c4478499c3c2e74575d, type: 3}
      propertyPath: m_LocalScale.x
      value: 0.25
      objectReference: {fileID: 0}
    - target: {fileID: 6990367838892972245, guid: 21f4002b5ed15c4478499c3c2e74575d, type: 3}
      propertyPath: m_LocalScale.y
      value: 0.25
      objectReference: {fileID: 0}
    - target: {fileID: 6990367838892972245, guid: 21f4002b5ed15c4478499c3c2e74575d, type: 3}
      propertyPath: m_LocalPosition.y
      value: 0.46
      objectReference: {fileID: 0}
    - target: {fileID: 7892842583569866608, guid: 21f4002b5ed15c4478499c3c2e74575d, type: 3}
      propertyPath: maxArmor
      value: 15
      objectReference: {fileID: 0}
    - target: {fileID: 7892842583569866608, guid: 21f4002b5ed15c4478499c3c2e74575d, type: 3}
      propertyPath: maxHitPoints
      value: 80
      objectReference: {fileID: 0}
    - target: {fileID: 7892842583569866608, guid: 21f4002b5ed15c4478499c3c2e74575d, type: 3}
      propertyPath: preEquipedGun
      value: 
      objectReference: {fileID: 3543224532704922982, guid: e134feae2280f512d99bfc1b113f2fdb, type: 3}
    - target: {fileID: 7892842583569866608, guid: 21f4002b5ed15c4478499c3c2e74575d, type: 3}
      propertyPath: meleeAttackForce
      value: 500000
      objectReference: {fileID: 0}
    - target: {fileID: 7892842583569866608, guid: 21f4002b5ed15c4478499c3c2e74575d, type: 3}
      propertyPath: meleeAttackDamage
      value: 5
      objectReference: {fileID: 0}
    - target: {fileID: 7892842583569866608, guid: 21f4002b5ed15c4478499c3c2e74575d, type: 3}
      propertyPath: gunLoseProbability
      value: 0.666
      objectReference: {fileID: 0}
    - target: {fileID: 7892842583569866608, guid: 21f4002b5ed15c4478499c3c2e74575d, type: 3}
      propertyPath: meleeAttackCooldown
      value: 2
      objectReference: {fileID: 0}
    - target: {fileID: 7892842583569866608, guid: 21f4002b5ed15c4478499c3c2e74575d, type: 3}
      propertyPath: meleeAttackSound.Path
      value: event:/Asnor/SoldierMeleeAttack
      objectReference: {fileID: 0}
    - target: {fileID: 7892842583569866608, guid: 21f4002b5ed15c4478499c3c2e74575d, type: 3}
      propertyPath: armorRegenerationPerSecond
      value: 3
      objectReference: {fileID: 0}
    - target: {fileID: 7892842583569866608, guid: 21f4002b5ed15c4478499c3c2e74575d, type: 3}
      propertyPath: meleeAttackSound.Guid.Data1
      value: -217469713
      objectReference: {fileID: 0}
    - target: {fileID: 7892842583569866608, guid: 21f4002b5ed15c4478499c3c2e74575d, type: 3}
      propertyPath: meleeAttackSound.Guid.Data2
      value: 1318102814
      objectReference: {fileID: 0}
    - target: {fileID: 7892842583569866608, guid: 21f4002b5ed15c4478499c3c2e74575d, type: 3}
      propertyPath: meleeAttackSound.Guid.Data3
      value: -860592506
      objectReference: {fileID: 0}
    - target: {fileID: 7892842583569866608, guid: 21f4002b5ed15c4478499c3c2e74575d, type: 3}
      propertyPath: meleeAttackSound.Guid.Data4
      value: -1102335982
      objectReference: {fileID: 0}
    - target: {fileID: 8449701402314957438, guid: 21f4002b5ed15c4478499c3c2e74575d, type: 3}
      propertyPath: m_Radius
      value: 0.29
      objectReference: {fileID: 0}
    - target: {fileID: 8851670250639843649, guid: 21f4002b5ed15c4478499c3c2e74575d, type: 3}
      propertyPath: meleeAttackSound.Path
      value: event:/Asnor/SoldierMeleeAttack
      objectReference: {fileID: 0}
    - target: {fileID: 8851670250639843649, guid: 21f4002b5ed15c4478499c3c2e74575d, type: 3}
      propertyPath: meleeAttackSound.Guid.Data1
      value: -217469713
      objectReference: {fileID: 0}
    - target: {fileID: 8851670250639843649, guid: 21f4002b5ed15c4478499c3c2e74575d, type: 3}
      propertyPath: meleeAttackSound.Guid.Data2
      value: 1318102814
      objectReference: {fileID: 0}
    - target: {fileID: 8851670250639843649, guid: 21f4002b5ed15c4478499c3c2e74575d, type: 3}
      propertyPath: meleeAttackSound.Guid.Data3
      value: -860592506
      objectReference: {fileID: 0}
    - target: {fileID: 8851670250639843649, guid: 21f4002b5ed15c4478499c3c2e74575d, type: 3}
      propertyPath: meleeAttackSound.Guid.Data4
      value: -1102335982
      objectReference: {fileID: 0}
    m_RemovedComponents: []
  m_SourcePrefab: {fileID: 100100000, guid: 21f4002b5ed15c4478499c3c2e74575d, type: 3}
--- !u!212 &1708015322101788164 stripped
SpriteRenderer:
  m_CorrespondingSourceObject: {fileID: 4184391398088642788, guid: 21f4002b5ed15c4478499c3c2e74575d, type: 3}
  m_PrefabInstance: {fileID: 3289289280447004384}
  m_PrefabAsset: {fileID: 0}
--- !u!4 &1708015322101788165 stripped
Transform:
  m_CorrespondingSourceObject: {fileID: 4184391398088642789, guid: 21f4002b5ed15c4478499c3c2e74575d, type: 3}
  m_PrefabInstance: {fileID: 3289289280447004384}
  m_PrefabAsset: {fileID: 0}
--- !u!1 &1708015322101788411 stripped
GameObject:
  m_CorrespondingSourceObject: {fileID: 4184391398088642587, guid: 21f4002b5ed15c4478499c3c2e74575d, type: 3}
  m_PrefabInstance: {fileID: 3289289280447004384}
  m_PrefabAsset: {fileID: 0}
--- !u!114 &1576386758472622923
MonoBehaviour:
  m_ObjectHideFlags: 0
  m_CorrespondingSourceObject: {fileID: 0}
  m_PrefabInstance: {fileID: 0}
  m_PrefabAsset: {fileID: 0}
  m_GameObject: {fileID: 1708015322101788411}
  m_Enabled: 1
  m_EditorHideFlags: 0
  m_Script: {fileID: 11500000, guid: 88fb16abf1e9695ad8d88219ec3b8935, type: 3}
  m_Name: 
  m_EditorClassIdentifier: 
  nextWaypointDistance: 3
  pathUpdateInterval: 0.2
  retreatTime: 4
  retreatTimeTransition: 1
--- !u!114 &2858108415510692619
MonoBehaviour:
  m_ObjectHideFlags: 0
  m_CorrespondingSourceObject: {fileID: 0}
  m_PrefabInstance: {fileID: 0}
  m_PrefabAsset: {fileID: 0}
  m_GameObject: {fileID: 1708015322101788411}
  m_Enabled: 1
  m_EditorHideFlags: 0
  m_Script: {fileID: 11500000, guid: 4d62c5a2770cdcf8388d4a1563934b9c, type: 3}
  m_Name: 
  m_EditorClassIdentifier: 
  shootTime: 2
  shootTimeTransition: 5
--- !u!114 &2930550359165123814
MonoBehaviour:
  m_ObjectHideFlags: 0
  m_CorrespondingSourceObject: {fileID: 0}
  m_PrefabInstance: {fileID: 0}
  m_PrefabAsset: {fileID: 0}
  m_GameObject: {fileID: 1708015322101788411}
  m_Enabled: 1
  m_EditorHideFlags: 0
  m_Script: {fileID: 11500000, guid: 9879ea885fcbbd342be027b75308678f, type: 3}
  m_Name: 
  m_EditorClassIdentifier: 
  nextWaypointDistance: 3
  pathUpdateInterval: 0.2
  gunPickupRange: 1
--- !u!114 &6892699654977967250
MonoBehaviour:
  m_ObjectHideFlags: 0
  m_CorrespondingSourceObject: {fileID: 0}
  m_PrefabInstance: {fileID: 0}
  m_PrefabAsset: {fileID: 0}
  m_GameObject: {fileID: 1708015322101788411}
  m_Enabled: 1
  m_EditorHideFlags: 0
  m_Script: {fileID: 11500000, guid: 590840e88fa8d62998e1f60968ea479d, type: 3}
  m_Name: 
  m_EditorClassIdentifier: 
  aggroTriggerSoundPitch: 1
  aggroTriggerDelay: 1.3
  aggroTriggerSound:
    Guid:
      Data1: 453927410
      Data2: 1241597142
      Data3: 443439242
      Data4: -1522642745
    Path: event:/Asnor/SoldierAggroTrigger
  maxRaycastCheckRange: 15
  raycastDirectionFactor: 1.5
  aggressiveStateType: 1
--- !u!114 &7605722481893391245
MonoBehaviour:
  m_ObjectHideFlags: 0
  m_CorrespondingSourceObject: {fileID: 0}
  m_PrefabInstance: {fileID: 0}
  m_PrefabAsset: {fileID: 0}
  m_GameObject: {fileID: 1708015322101788411}
  m_Enabled: 1
  m_EditorHideFlags: 0
  m_Script: {fileID: 11500000, guid: bba847e087262584ba47443451079431, type: 3}
  m_Name: 
  m_EditorClassIdentifier: 
  nextWaypointDistance: 3
  pathUpdateInterval: 0.2
  alternateAttackCooldown: 0
  alternateAttackType: 6
  meleeAttackRecoveryTime: 1
--- !u!114 &7816916317103049628
MonoBehaviour:
  m_ObjectHideFlags: 0
  m_CorrespondingSourceObject: {fileID: 0}
  m_PrefabInstance: {fileID: 0}
  m_PrefabAsset: {fileID: 0}
  m_GameObject: {fileID: 1708015322101788411}
  m_Enabled: 1
  m_EditorHideFlags: 0
  m_Script: {fileID: 11500000, guid: 1ee136908ab2f4ec3aa2483aa0004da1, type: 3}
  m_Name: 
  m_EditorClassIdentifier: 
  nextWaypointDistance: 3
  pathUpdateInterval: 0.2
